%% This BibTeX bibliography file was created using BibDesk.
%% http://bibdesk.sourceforge.net/

%% Created for 付伟杰 at 2018-01-08 23:33:25 +0800 


%% Saved with string encoding Unicode (UTF-8) 



@article{Jiang:2017sni,
	Archiveprefix = {arXiv},
	Author = {Jiang, Lijia and Zheng, Jun-Hui and Stoecker, Horst},
	Date-Added = {2018-01-08 09:08:26 +0000},
	Date-Modified = {2018-01-08 09:08:26 +0000},
	Eprint = {1711.05339},
	Primaryclass = {nucl-th},
	Slaccitation = {%%CITATION = ARXIV:1711.05339;%%},
	Title = {{Ising parameterization of QCD Landau free energy and its dynamics}},
	Year = {2017}}

@article{Jiang:2015hri,
	Archiveprefix = {arXiv},
	Author = {Jiang, Lijia and Li, Pengfei and Song, Huichao},
	Date-Added = {2018-01-08 09:03:30 +0000},
	Date-Modified = {2018-01-08 09:03:30 +0000},
	Doi = {10.1103/PhysRevC.94.024918},
	Eprint = {1512.06164},
	Journal = {Phys. Rev.},
	Number = {2},
	Pages = {024918},
	Primaryclass = {nucl-th},
	Slaccitation = {%%CITATION = ARXIV:1512.06164;%%},
	Title = {{Correlated fluctuations near the QCD critical point}},
	Volume = {C94},
	Year = {2016},
	Bdsk-Url-1 = {https://dx.doi.org/10.1103/PhysRevC.94.024918}}

@article{Stephanov:2017wlw,
	Archiveprefix = {arXiv},
	Author = {Stephanov, M. and Yin, Y.},
	Booktitle = {{Proceedings, 26th International Conference on Ultra-relativistic Nucleus-Nucleus Collisions (Quark Matter 2017): Chicago, Illinois, USA, February 5-11, 2017}},
	Date-Added = {2018-01-08 08:51:08 +0000},
	Date-Modified = {2018-01-08 08:51:08 +0000},
	Doi = {10.1016/j.nuclphysa.2017.06.051},
	Eprint = {1704.07396},
	Journal = {Nucl. Phys.},
	Pages = {876-879},
	Primaryclass = {nucl-th},
	Slaccitation = {%%CITATION = ARXIV:1704.07396;%%},
	Title = {{Hydrodynamics and critical slowing down}},
	Volume = {A967},
	Year = {2017},
	Bdsk-Url-1 = {https://dx.doi.org/10.1016/j.nuclphysa.2017.06.051}}

@article{Stephanov:2017ghc,
	Archiveprefix = {arXiv},
	Author = {Stephanov, M. and Yin, Y.},
	Date-Added = {2018-01-08 08:50:23 +0000},
	Date-Modified = {2018-01-08 08:50:23 +0000},
	Eprint = {1712.10305},
	Primaryclass = {nucl-th},
	Reportnumber = {MIT-CTP-4969},
	Slaccitation = {%%CITATION = ARXIV:1712.10305;%%},
	Title = {{Hydro+: hydrodynamics with parametric slowing down and fluctuations near the critical point}},
	Year = {2017}}

@article{Mukherjee:2016kyu,
	Archiveprefix = {arXiv},
	Author = {Mukherjee, Swagato and Venugopalan, Raju and Yin, Yi},
	Date-Added = {2018-01-08 08:49:17 +0000},
	Date-Modified = {2018-01-08 08:49:17 +0000},
	Doi = {10.1103/PhysRevLett.117.222301},
	Eprint = {1605.09341},
	Journal = {Phys. Rev. Lett.},
	Number = {22},
	Pages = {222301},
	Primaryclass = {hep-ph},
	Slaccitation = {%%CITATION = ARXIV:1605.09341;%%},
	Title = {{Universal off-equilibrium scaling of critical cumulants in the QCD phase diagram}},
	Volume = {117},
	Year = {2016},
	Bdsk-Url-1 = {https://dx.doi.org/10.1103/PhysRevLett.117.222301}}

@article{Pawlowski:2017gxj,
	Archiveprefix = {arXiv},
	Author = {Pawlowski, Jan M. and Strodthoff, Nils and Wink, Nicolas},
	Date-Added = {2018-01-08 08:28:41 +0000},
	Date-Modified = {2018-01-08 08:28:41 +0000},
	Eprint = {1711.07444},
	Primaryclass = {hep-th},
	Slaccitation = {%%CITATION = ARXIV:1711.07444;%%},
	Title = {{Finite temperature spectral functions in the O(N)-model}},
	Year = {2017}}

@article{Xu:2016skm,
	Archiveprefix = {arXiv},
	Author = {Xu, Hao-jie},
	Date-Added = {2018-01-08 06:52:54 +0000},
	Date-Modified = {2018-01-08 06:52:54 +0000},
	Doi = {10.1016/j.physletb.2016.12.015},
	Eprint = {1612.06485},
	Journal = {Phys. Lett.},
	Pages = {188-192},
	Primaryclass = {nucl-th},
	Slaccitation = {%%CITATION = ARXIV:1612.06485;%%},
	Title = {{Effects of volume corrections and resonance decays on cumulants of net-charge distributions in a Monte Carlo hadron resonance gas model}},
	Volume = {B765},
	Year = {2017},
	Bdsk-Url-1 = {https://dx.doi.org/10.1016/j.physletb.2016.12.015}}

@article{Li:2017via,
	Archiveprefix = {arXiv},
	Author = {Li, Jixing and Xu, Hao-jie and Song, Huichao},
	Date-Added = {2018-01-08 06:51:59 +0000},
	Date-Modified = {2018-01-08 06:51:59 +0000},
	Eprint = {1707.09742},
	Primaryclass = {nucl-th},
	Slaccitation = {%%CITATION = ARXIV:1707.09742;%%},
	Title = {{Non-critical fluctuations of (net) charges and (net) protons from iEBE-VISHNU hybrid model}},
	Year = {2017}}

@article{Braun-Munzinger:2016yjz,
	Archiveprefix = {arXiv},
	Author = {Braun-Munzinger, P. and Rustamov, A. and Stachel, J.},
	Date-Added = {2018-01-08 06:45:24 +0000},
	Date-Modified = {2018-01-08 06:45:24 +0000},
	Doi = {10.1016/j.nuclphysa.2017.01.011},
	Eprint = {1612.00702},
	Journal = {Nucl. Phys.},
	Pages = {114-130},
	Primaryclass = {nucl-th},
	Slaccitation = {%%CITATION = ARXIV:1612.00702;%%},
	Title = {{Bridging the gap between event-by-event fluctuation measurements and theory predictions in relativistic nuclear collisions}},
	Volume = {A960},
	Year = {2017},
	Bdsk-Url-1 = {https://dx.doi.org/10.1016/j.nuclphysa.2017.01.011}}

@article{Qin:2010nq,
	Archiveprefix = {arXiv},
	Author = {Qin, Si-xue and Chang, Lei and Chen, Huan and Liu, Yu-xin and Roberts, Craig D.},
	Date-Added = {2018-01-08 06:06:03 +0000},
	Date-Modified = {2018-01-08 06:06:03 +0000},
	Doi = {10.1103/PhysRevLett.106.172301},
	Eprint = {1011.2876},
	Journal = {Phys. Rev. Lett.},
	Pages = {172301},
	Primaryclass = {nucl-th},
	Slaccitation = {%%CITATION = ARXIV:1011.2876;%%},
	Title = {{Phase diagram and critical endpoint for strongly-interacting quarks}},
	Volume = {106},
	Year = {2011},
	Bdsk-Url-1 = {https://dx.doi.org/10.1103/PhysRevLett.106.172301}}

@article{Xin:2014ela,
	Author = {Xin, Xian-yin and Qin, Si-xue and Liu, Yu-xin},
	Date-Added = {2018-01-08 06:04:15 +0000},
	Date-Modified = {2018-01-08 06:04:15 +0000},
	Doi = {10.1103/PhysRevD.90.076006},
	Journal = {Phys. Rev.},
	Number = {7},
	Pages = {076006},
	Slaccitation = {%%CITATION = PHRVA,D90,076006;%%},
	Title = {{Quark number fluctuations at finite temperature and finite chemical potential via the Dyson-Schwinger equation approach}},
	Volume = {D90},
	Year = {2014},
	Bdsk-Url-1 = {https://dx.doi.org/10.1103/PhysRevD.90.076006}}

@article{Gao:2016qkh,
	Archiveprefix = {arXiv},
	Author = {Gao, Fei and Liu, Yu-xin},
	Date-Added = {2018-01-08 06:01:54 +0000},
	Date-Modified = {2018-01-08 06:01:54 +0000},
	Doi = {10.1103/PhysRevD.94.076009},
	Eprint = {1607.01675},
	Journal = {Phys. Rev.},
	Number = {7},
	Pages = {076009},
	Primaryclass = {hep-ph},
	Slaccitation = {%%CITATION = ARXIV:1607.01675;%%},
	Title = {{QCD phase transitions via a refined truncation of Dyson-Schwinger equations}},
	Volume = {D94},
	Year = {2016},
	Bdsk-Url-1 = {https://dx.doi.org/10.1103/PhysRevD.94.076009}}

@article{Herbst:2013ufa,
	Archiveprefix = {arXiv},
	Author = {Herbst, Tina Katharina and Mitter, Mario and Pawlowski, Jan M. and Schaefer, Bernd-Jochen and Stiele, Rainer},
	Date-Added = {2018-01-08 05:39:40 +0000},
	Date-Modified = {2018-01-08 05:39:40 +0000},
	Doi = {10.1016/j.physletb.2014.02.045},
	Eprint = {1308.3621},
	Journal = {Phys. Lett.},
	Pages = {248-256},
	Primaryclass = {hep-ph},
	Slaccitation = {%%CITATION = ARXIV:1308.3621;%%},
	Title = {{Thermodynamics of QCD at vanishing density}},
	Volume = {B731},
	Year = {2014},
	Bdsk-Url-1 = {https://dx.doi.org/10.1016/j.physletb.2014.02.045}}

@article{Braun:2008pi,
	Archiveprefix = {arXiv},
	Author = {Braun, Jens},
	Date-Added = {2018-01-08 05:35:34 +0000},
	Date-Modified = {2018-01-08 05:35:34 +0000},
	Doi = {10.1140/epjc/s10052-009-1136-6},
	Eprint = {0810.1727},
	Journal = {Eur. Phys. J.},
	Pages = {459-482},
	Primaryclass = {hep-ph},
	Slaccitation = {%%CITATION = ARXIV:0810.1727;%%},
	Title = {{The QCD Phase Boundary from Quark-Gluon Dynamics}},
	Volume = {C64},
	Year = {2009},
	Bdsk-Url-1 = {https://dx.doi.org/10.1140/epjc/s10052-009-1136-6}}

@article{Braun:2006jd,
	Archiveprefix = {arXiv},
	Author = {Braun, Jens and Gies, Holger},
	Date-Added = {2018-01-08 05:33:21 +0000},
	Date-Modified = {2018-01-08 05:33:21 +0000},
	Doi = {10.1088/1126-6708/2006/06/024},
	Eprint = {hep-ph/0602226},
	Journal = {JHEP},
	Pages = {024},
	Primaryclass = {hep-ph},
	Slaccitation = {%%CITATION = HEP-PH/0602226;%%},
	Title = {{Chiral phase boundary of QCD at finite temperature}},
	Volume = {06},
	Year = {2006},
	Bdsk-Url-1 = {https://dx.doi.org/10.1088/1126-6708/2006/06/024}}

@article{Braun:2009gm,
	Archiveprefix = {arXiv},
	Author = {Braun, Jens and Haas, Lisa M. and Marhauser, Florian and Pawlowski, Jan M.},
	Date-Added = {2018-01-08 05:29:19 +0000},
	Date-Modified = {2018-01-08 05:29:19 +0000},
	Doi = {10.1103/PhysRevLett.106.022002},
	Eprint = {0908.0008},
	Journal = {Phys. Rev. Lett.},
	Pages = {022002},
	Primaryclass = {hep-ph},
	Slaccitation = {%%CITATION = ARXIV:0908.0008;%%},
	Title = {{Phase Structure of Two-Flavor QCD at Finite Chemical Potential}},
	Volume = {106},
	Year = {2011},
	Bdsk-Url-1 = {https://dx.doi.org/10.1103/PhysRevLett.106.022002}}

@article{Ding:2015fca,
	Archiveprefix = {arXiv},
	Author = {Ding, H. -T. and Mukherjee, Swagato and Ohno, H. and Petreczky, P. and Schadler, H. -P.},
	Date-Added = {2018-01-08 04:51:17 +0000},
	Date-Modified = {2018-01-08 04:51:17 +0000},
	Doi = {10.1103/PhysRevD.92.074043},
	Eprint = {1507.06637},
	Journal = {Phys. Rev.},
	Number = {7},
	Pages = {074043},
	Primaryclass = {hep-lat},
	Slaccitation = {%%CITATION = ARXIV:1507.06637;%%},
	Title = {{Diagonal and off-diagonal quark number susceptibilities at high temperatures}},
	Volume = {D92},
	Year = {2015},
	Bdsk-Url-1 = {https://dx.doi.org/10.1103/PhysRevD.92.074043}}

@article{Karsch:2017zzw,
	Archiveprefix = {arXiv},
	Author = {Karsch, Frithjof},
	Booktitle = {{Proceedings, 26th International Conference on Ultra-relativistic Nucleus-Nucleus Collisions (Quark Matter 2017): Chicago, Illinois, USA, February 5-11, 2017}},
	Date-Added = {2018-01-08 04:49:31 +0000},
	Date-Modified = {2018-01-08 04:49:31 +0000},
	Doi = {10.1016/j.nuclphysa.2017.06.011},
	Eprint = {1706.01620},
	Journal = {Nucl. Phys.},
	Pages = {461-464},
	Primaryclass = {hep-lat},
	Slaccitation = {%%CITATION = ARXIV:1706.01620;%%},
	Title = {{Conserved charge fluctuations at vanishing and non-vanishing chemical potential}},
	Volume = {A967},
	Year = {2017},
	Bdsk-Url-1 = {https://dx.doi.org/10.1016/j.nuclphysa.2017.06.011}}

@article{Bazavov:2017tot,
	Archiveprefix = {arXiv},
	Author = {Bazavov, A. and others},
	Collaboration = {HotQCD},
	Date-Added = {2018-01-08 04:48:46 +0000},
	Date-Modified = {2018-01-08 04:48:46 +0000},
	Doi = {10.1103/PhysRevD.96.074510},
	Eprint = {1708.04897},
	Journal = {Phys. Rev.},
	Number = {7},
	Pages = {074510},
	Primaryclass = {hep-lat},
	Slaccitation = {%%CITATION = ARXIV:1708.04897;%%},
	Title = {{Skewness and kurtosis of net baryon-number distributions at small values of the baryon chemical potential}},
	Volume = {D96},
	Year = {2017},
	Bdsk-Url-1 = {https://dx.doi.org/10.1103/PhysRevD.96.074510}}

@article{Borsanyi:2013hza,
	Archiveprefix = {arXiv},
	Author = {Borsanyi, S. and Fodor, Z. and Katz, S. D. and Krieg, S. and Ratti, C. and Szabo, K. K.},
	Date-Added = {2018-01-08 04:42:10 +0000},
	Date-Modified = {2018-01-08 04:42:10 +0000},
	Doi = {10.1103/PhysRevLett.111.062005},
	Eprint = {1305.5161},
	Journal = {Phys. Rev. Lett.},
	Pages = {062005},
	Primaryclass = {hep-lat},
	Slaccitation = {%%CITATION = ARXIV:1305.5161;%%},
	Title = {{Freeze-out parameters: lattice meets experiment}},
	Volume = {111},
	Year = {2013},
	Bdsk-Url-1 = {https://dx.doi.org/10.1103/PhysRevLett.111.062005}}

@article{Bellwied:2015lba,
	Archiveprefix = {arXiv},
	Author = {Bellwied, R. and Borsanyi, S. and Fodor, Z. and Katz, S. D. and Pasztor, A. and Ratti, C. and Szabo, K. K.},
	Date-Added = {2018-01-08 04:40:45 +0000},
	Date-Modified = {2018-01-08 04:40:45 +0000},
	Doi = {10.1103/PhysRevD.92.114505},
	Eprint = {1507.04627},
	Journal = {Phys. Rev.},
	Number = {11},
	Pages = {114505},
	Primaryclass = {hep-lat},
	Slaccitation = {%%CITATION = ARXIV:1507.04627;%%},
	Title = {{Fluctuations and correlations in high temperature QCD}},
	Volume = {D92},
	Year = {2015},
	Bdsk-Url-1 = {https://dx.doi.org/10.1103/PhysRevD.92.114505}}

@article{Luo:2015ewa,
	Archiveprefix = {arXiv},
	Author = {Luo, Xiaofeng},
	Booktitle = {{Proceedings, 9th International Workshop on Critical Point and Onset of Deconfinement (CPOD 2014): Bielefeld, Germany, November 17-21, 2014}},
	Collaboration = {STAR},
	Date-Added = {2018-01-07 12:34:13 +0000},
	Date-Modified = {2018-01-07 12:34:13 +0000},
	Eprint = {1503.02558},
	Journal = {PoS},
	Pages = {019},
	Primaryclass = {nucl-ex},
	Slaccitation = {%%CITATION = ARXIV:1503.02558;%%},
	Title = {{Energy Dependence of Moments of Net-Proton and Net-Charge Multiplicity Distributions at STAR}},
	Volume = {CPOD2014},
	Year = {2015}}

@article{Adamczyk:2013dal,
	Archiveprefix = {arXiv},
	Author = {Adamczyk, L. and others},
	Collaboration = {STAR},
	Date-Added = {2018-01-07 12:33:13 +0000},
	Date-Modified = {2018-01-07 12:33:13 +0000},
	Doi = {10.1103/PhysRevLett.112.032302},
	Eprint = {1309.5681},
	Journal = {Phys. Rev. Lett.},
	Pages = {032302},
	Primaryclass = {nucl-ex},
	Slaccitation = {%%CITATION = ARXIV:1309.5681;%%},
	Title = {{Energy Dependence of Moments of Net-proton Multiplicity Distributions at RHIC}},
	Volume = {112},
	Year = {2014},
	Bdsk-Url-1 = {https://dx.doi.org/10.1103/PhysRevLett.112.032302}}

@article{Haas:2013qwp,
	Archiveprefix = {arXiv},
	Author = {Haas, Lisa M. and Stiele, Rainer and Braun, Jens and Pawlowski, Jan M. and Schaffner-Bielich, J{\"u}rgen},
	Date-Added = {2017-12-30 15:19:58 +0000},
	Date-Modified = {2017-12-30 15:19:58 +0000},
	Doi = {10.1103/PhysRevD.87.076004},
	Eprint = {1302.1993},
	Journal = {Phys. Rev.},
	Number = {7},
	Pages = {076004},
	Primaryclass = {hep-ph},
	Slaccitation = {%%CITATION = ARXIV:1302.1993;%%},
	Title = {{Improved Polyakov-loop potential for effective models from functional calculations}},
	Volume = {D87},
	Year = {2013},
	Bdsk-Url-1 = {https://dx.doi.org/10.1103/PhysRevD.87.076004}}

@article{Luo:2017faz,
	Archiveprefix = {arXiv},
	Author = {Luo, Xiaofeng and Xu, Nu},
	Date-Added = {2017-12-28 09:15:05 +0000},
	Date-Modified = {2017-12-28 09:15:05 +0000},
	Doi = {10.1007/s41365-017-0257-0},
	Eprint = {1701.02105},
	Journal = {Nucl. Sci. Tech.},
	Number = {8},
	Pages = {112},
	Primaryclass = {nucl-ex},
	Slaccitation = {%%CITATION = ARXIV:1701.02105;%%},
	Title = {{Search for the QCD Critical Point with Fluctuations of Conserved Quantities in Relativistic Heavy-Ion Collisions at RHIC : An Overview}},
	Volume = {28},
	Year = {2017},
	Bdsk-Url-1 = {https://dx.doi.org/10.1007/s41365-017-0257-0}}

@article{Mukherjee:2015swa,
	Archiveprefix = {arXiv},
	Author = {Mukherjee, Swagato and Venugopalan, Raju and Yin, Yi},
	Date-Added = {2017-12-28 08:51:42 +0000},
	Date-Modified = {2017-12-28 08:51:42 +0000},
	Doi = {10.1103/PhysRevC.92.034912},
	Eprint = {1506.00645},
	Journal = {Phys. Rev.},
	Number = {3},
	Pages = {034912},
	Primaryclass = {hep-ph},
	Slaccitation = {%%CITATION = ARXIV:1506.00645;%%},
	Title = {{Real time evolution of non-Gaussian cumulants in the QCD critical regime}},
	Volume = {C92},
	Year = {2015},
	Bdsk-Url-1 = {https://dx.doi.org/10.1103/PhysRevC.92.034912}}

@article{Stephanov:2008qz,
	Archiveprefix = {arXiv},
	Author = {Stephanov, M. A.},
	Date-Added = {2017-12-28 08:25:35 +0000},
	Date-Modified = {2017-12-28 08:25:35 +0000},
	Doi = {10.1103/PhysRevLett.102.032301},
	Eprint = {0809.3450},
	Journal = {Phys. Rev. Lett.},
	Pages = {032301},
	Primaryclass = {hep-ph},
	Slaccitation = {%%CITATION = ARXIV:0809.3450;%%},
	Title = {{Non-Gaussian fluctuations near the QCD critical point}},
	Volume = {102},
	Year = {2009},
	Bdsk-Url-1 = {https://dx.doi.org/10.1103/PhysRevLett.102.032301}}

@article{Stephanov:1999zu,
	Archiveprefix = {arXiv},
	Author = {Stephanov, Misha A. and Rajagopal, K. and Shuryak, Edward V.},
	Date-Added = {2017-12-28 08:20:22 +0000},
	Date-Modified = {2017-12-28 08:20:22 +0000},
	Doi = {10.1103/PhysRevD.60.114028},
	Eprint = {hep-ph/9903292},
	Journal = {Phys. Rev.},
	Pages = {114028},
	Primaryclass = {hep-ph},
	Reportnumber = {ITP-SB-99-4, MIT-CTP-2834, SUNY-NTG-99-3},
	Slaccitation = {%%CITATION = HEP-PH/9903292;%%},
	Title = {{Event-by-event fluctuations in heavy ion collisions and the QCD critical point}},
	Volume = {D60},
	Year = {1999},
	Bdsk-Url-1 = {https://dx.doi.org/10.1103/PhysRevD.60.114028}}

@article{Schaefer:2007pw,
	Archiveprefix = {arXiv},
	Author = {Schaefer, Bernd-Jochen and Pawlowski, Jan M. and Wambach, Jochen},
	Date-Added = {2017-12-26 12:51:06 +0000},
	Date-Modified = {2017-12-26 12:51:06 +0000},
	Doi = {10.1103/PhysRevD.76.074023},
	Eprint = {0704.3234},
	Journal = {Phys. Rev.},
	Pages = {074023},
	Primaryclass = {hep-ph},
	Slaccitation = {%%CITATION = ARXIV:0704.3234;%%},
	Title = {{The Phase Structure of the Polyakov--Quark-Meson Model}},
	Volume = {D76},
	Year = {2007},
	Bdsk-Url-1 = {https://dx.doi.org/10.1103/PhysRevD.76.074023}}

@article{Fu:2007xc,
	Archiveprefix = {arXiv},
	Author = {Fu, Wei-jie and Zhang, Zhao and Liu, Yu-xin},
	Date-Added = {2017-12-26 12:49:35 +0000},
	Date-Modified = {2017-12-26 12:49:35 +0000},
	Doi = {10.1103/PhysRevD.77.014006},
	Eprint = {0711.0154},
	Journal = {Phys. Rev.},
	Pages = {014006},
	Primaryclass = {hep-ph},
	Slaccitation = {%%CITATION = ARXIV:0711.0154;%%},
	Title = {{2+1 flavor Polyakov-Nambu-Jona-Lasinio model at finite temperature and nonzero chemical potential}},
	Volume = {D77},
	Year = {2008},
	Bdsk-Url-1 = {https://dx.doi.org/10.1103/PhysRevD.77.014006}}

@article{Ratti:2005jh,
	Archiveprefix = {arXiv},
	Author = {Ratti, Claudia and Thaler, Michael A. and Weise, Wolfram},
	Date-Added = {2017-12-26 12:48:18 +0000},
	Date-Modified = {2017-12-26 12:48:18 +0000},
	Doi = {10.1103/PhysRevD.73.014019},
	Eprint = {hep-ph/0506234},
	Journal = {Phys. Rev.},
	Pages = {014019},
	Primaryclass = {hep-ph},
	Slaccitation = {%%CITATION = HEP-PH/0506234;%%},
	Title = {{Phases of QCD: Lattice thermodynamics and a field theoretical model}},
	Volume = {D73},
	Year = {2006},
	Bdsk-Url-1 = {https://dx.doi.org/10.1103/PhysRevD.73.014019}}

@article{Fukushima:2003fw,
	Archiveprefix = {arXiv},
	Author = {Fukushima, Kenji},
	Date-Added = {2017-12-26 12:46:34 +0000},
	Date-Modified = {2017-12-26 12:46:34 +0000},
	Doi = {10.1016/j.physletb.2004.04.027},
	Eprint = {hep-ph/0310121},
	Journal = {Phys. Lett.},
	Pages = {277-284},
	Primaryclass = {hep-ph},
	Reportnumber = {MIT-CTP-3424},
	Slaccitation = {%%CITATION = HEP-PH/0310121;%%},
	Title = {{Chiral effective model with the Polyakov loop}},
	Volume = {B591},
	Year = {2004},
	Bdsk-Url-1 = {https://dx.doi.org/10.1016/j.physletb.2004.04.027}}

@article{Fukushima:2017csk,
	Archiveprefix = {arXiv},
	Author = {Fukushima, Kenji and Skokov, Vladimir},
	Date-Added = {2017-12-26 12:21:30 +0000},
	Date-Modified = {2017-12-26 12:21:30 +0000},
	Doi = {10.1016/j.ppnp.2017.05.002},
	Eprint = {1705.00718},
	Journal = {Prog. Part. Nucl. Phys.},
	Pages = {154-199},
	Primaryclass = {hep-ph},
	Slaccitation = {%%CITATION = ARXIV:1705.00718;%%},
	Title = {{Polyakov loop modeling for hot QCD}},
	Volume = {96},
	Year = {2017},
	Bdsk-Url-1 = {https://dx.doi.org/10.1016/j.ppnp.2017.05.002}}

@article{Fu:2017vvg,
	Archiveprefix = {arXiv},
	Author = {Fu, Wei-jie and Liu, Yu-xin},
	Date-Added = {2017-12-25 09:29:54 +0000},
	Date-Modified = {2017-12-25 09:29:54 +0000},
	Doi = {10.1103/PhysRevD.96.074019},
	Eprint = {1705.09841},
	Journal = {Phys. Rev.},
	Number = {7},
	Pages = {074019},
	Primaryclass = {hep-ph},
	Slaccitation = {%%CITATION = ARXIV:1705.09841;%%},
	Title = {{Four-fermion interactions and the chiral symmetry breaking in an external magnetic field}},
	Volume = {D96},
	Year = {2017},
	Bdsk-Url-1 = {http://dx.doi.org/10.1103/PhysRevD.96.074019}}

@article{Cyrol:2017ewj,
	Archiveprefix = {arXiv},
	Author = {Cyrol, Anton K. and Mitter, Mario and Pawlowski, Jan M. and Strodthoff, Nils},
	Date-Added = {2017-12-25 09:24:05 +0000},
	Date-Modified = {2017-12-25 09:24:05 +0000},
	Eprint = {1706.06326},
	Primaryclass = {hep-ph},
	Slaccitation = {%%CITATION = ARXIV:1706.06326;%%},
	Title = {{Non-perturbative quark, gluon and meson correlators of unquenched QCD}},
	Year = {2017}}

@article{Fu:2018a,
	Author = {Fu, Wei-jie and Pawlowski, Jan M. and Rennecke, Fabian},
	Date-Added = {2017-12-25 01:31:42 +0000},
	Date-Modified = {2017-12-25 01:36:48 +0000},
	Journal = {in preparation}}

@article{Fischer:2010fx,
	Archiveprefix = {arXiv},
	Author = {Fischer, Christian S. and Maas, Axel and Muller, Jens A.},
	Date-Added = {2017-10-31 03:24:01 +0000},
	Date-Modified = {2017-10-31 03:24:01 +0000},
	Doi = {10.1140/epjc/s10052-010-1343-1},
	Eprint = {1003.1960},
	Journal = {Eur. Phys. J.},
	Pages = {165-181},
	Primaryclass = {hep-ph},
	Slaccitation = {%%CITATION = ARXIV:1003.1960;%%},
	Title = {{Chiral and deconfinement transition from correlation functions: SU(2) vs. SU(3)}},
	Volume = {C68},
	Year = {2010},
	Bdsk-Url-1 = {http://dx.doi.org/10.1140/epjc/s10052-010-1343-1}}

@article{Cucchieri:2007ta,
	Archiveprefix = {arXiv},
	Author = {Cucchieri, Attilio and Maas, Axel and Mendes, Tereza},
	Date-Added = {2017-10-31 03:22:44 +0000},
	Date-Modified = {2017-10-31 03:22:44 +0000},
	Doi = {10.1103/PhysRevD.75.076003},
	Eprint = {hep-lat/0702022},
	Journal = {Phys. Rev.},
	Pages = {076003},
	Primaryclass = {hep-lat},
	Slaccitation = {%%CITATION = HEP-LAT/0702022;%%},
	Title = {{Infrared properties of propagators in Landau-gauge pure Yang-Mills theory at finite temperature}},
	Volume = {D75},
	Year = {2007},
	Bdsk-Url-1 = {http://dx.doi.org/10.1103/PhysRevD.75.076003}}

@article{Cucchieri:2006tf,
	Archiveprefix = {arXiv},
	Author = {Cucchieri, Attilio and Maas, Axel and Mendes, Tereza},
	Date-Added = {2017-10-31 03:19:25 +0000},
	Date-Modified = {2017-10-31 03:19:25 +0000},
	Doi = {10.1103/PhysRevD.74.014503},
	Eprint = {hep-lat/0605011},
	Journal = {Phys. Rev.},
	Pages = {014503},
	Primaryclass = {hep-lat},
	Slaccitation = {%%CITATION = HEP-LAT/0605011;%%},
	Title = {{Exploratory study of three-point Green's functions in Landau-gauge Yang-Mills theory}},
	Volume = {D74},
	Year = {2006},
	Bdsk-Url-1 = {http://dx.doi.org/10.1103/PhysRevD.74.014503}}

@article{Fister:2011uw,
	Archiveprefix = {arXiv},
	Author = {Fister, Leonard and Pawlowski, Jan M.},
	Date-Added = {2017-10-31 03:00:33 +0000},
	Date-Modified = {2017-10-31 03:00:33 +0000},
	Eprint = {1112.5440},
	Primaryclass = {hep-ph},
	Slaccitation = {%%CITATION = ARXIV:1112.5440;%%},
	Title = {{Yang-Mills correlation functions at finite temperature}},
	Year = {2011}}

@article{Cyrol:2017qkl,
	Archiveprefix = {arXiv},
	Author = {Cyrol, Anton K. and Mitter, Mario and Pawlowski, Jan M. and Strodthoff, Nils},
	Date-Added = {2017-09-23 07:43:36 +0000},
	Date-Modified = {2017-09-23 07:43:36 +0000},
	Eprint = {1708.03482},
	Primaryclass = {hep-ph},
	Slaccitation = {%%CITATION = ARXIV:1708.03482;%%},
	Title = {{Non-perturbative finite-temperature Yang-Mills theory}},
	Year = {2017}}

@article{Gies:2005as,
	Archiveprefix = {arXiv},
	Author = {Gies, Holger and Jaeckel, Joerg},
	Date-Added = {2017-09-23 07:37:08 +0000},
	Date-Modified = {2017-09-23 07:37:08 +0000},
	Doi = {10.1140/epjc/s2006-02475-0},
	Eprint = {hep-ph/0507171},
	Journal = {Eur. Phys. J.},
	Pages = {433-438},
	Primaryclass = {hep-ph},
	Reportnumber = {DESY-05-126, HD-THEP-05-16},
	Slaccitation = {%%CITATION = HEP-PH/0507171;%%},
	Title = {{Chiral phase structure of QCD with many flavors}},
	Volume = {C46},
	Year = {2006},
	Bdsk-Url-1 = {http://dx.doi.org/10.1140/epjc/s2006-02475-0}}

@article{Andersen:2014xxa,
	Archiveprefix = {arXiv},
	Author = {Andersen, Jens O. and Naylor, William R. and Tranberg, Anders},
	Date-Added = {2017-09-19 09:13:52 +0000},
	Date-Modified = {2017-09-19 09:13:52 +0000},
	Doi = {10.1103/RevModPhys.88.025001},
	Eprint = {1411.7176},
	Journal = {Rev. Mod. Phys.},
	Pages = {025001},
	Primaryclass = {hep-ph},
	Slaccitation = {%%CITATION = ARXIV:1411.7176;%%},
	Title = {{Phase diagram of QCD in a magnetic field: A review}},
	Volume = {88},
	Year = {2016},
	Bdsk-Url-1 = {http://dx.doi.org/10.1103/RevModPhys.88.025001}}

@article{Scherer:2012nn,
	Archiveprefix = {arXiv},
	Author = {Scherer, Daniel D. and Gies, Holger},
	Date-Added = {2017-09-19 08:36:20 +0000},
	Date-Modified = {2017-09-19 08:36:20 +0000},
	Doi = {10.1103/PhysRevB.85.195417},
	Eprint = {1201.3746},
	Journal = {Phys. Rev.},
	Pages = {195417},
	Primaryclass = {cond-mat.str-el},
	Slaccitation = {%%CITATION = ARXIV:1201.3746;%%},
	Title = {{Renormalization Group Study of Magnetic Catalysis in the 3d Gross-Neveu Model}},
	Volume = {B85},
	Year = {2012},
	Bdsk-Url-1 = {http://dx.doi.org/10.1103/PhysRevB.85.195417}}

@article{Braun:2017srn,
	Archiveprefix = {arXiv},
	Author = {Braun, Jens and Leonhardt, Marc and Pospiech, Martin},
	Date-Added = {2017-05-27 15:17:53 +0000},
	Date-Modified = {2017-05-27 15:17:53 +0000},
	Eprint = {1705.00074},
	Primaryclass = {hep-ph},
	Slaccitation = {%%CITATION = ARXIV:1705.00074;%%},
	Title = {{A Fierz-complete NJL model study: fixed points and phase structure at finite temperature and density}},
	Year = {2017}}

@article{Mao:2016fha,
	Archiveprefix = {arXiv},
	Author = {Mao, Shijun},
	Date-Added = {2017-05-27 09:42:19 +0000},
	Date-Modified = {2017-05-27 09:42:19 +0000},
	Doi = {10.1016/j.physletb.2016.05.018},
	Eprint = {1602.06503},
	Journal = {Phys. Lett.},
	Pages = {195-199},
	Primaryclass = {hep-ph},
	Slaccitation = {%%CITATION = ARXIV:1602.06503;%%},
	Title = {{Inverse magnetic catalysis in Nambu--Jona-Lasinio model beyond mean field}},
	Volume = {B758},
	Year = {2016},
	Bdsk-Url-1 = {http://dx.doi.org/10.1016/j.physletb.2016.05.018}}

@article{Wang:2015bky,
	Archiveprefix = {arXiv},
	Author = {Wang, Ziyue and Zhuang, Pengfei},
	Date-Added = {2017-05-27 09:27:47 +0000},
	Date-Modified = {2017-05-27 09:27:47 +0000},
	Doi = {10.1103/PhysRevD.94.056012},
	Eprint = {1511.05279},
	Journal = {Phys. Rev.},
	Number = {5},
	Pages = {056012},
	Primaryclass = {hep-ph},
	Slaccitation = {%%CITATION = ARXIV:1511.05279;%%},
	Title = {{Critical Behavior and Dimension Crossover of Pion Superfluidity}},
	Volume = {D94},
	Year = {2016},
	Bdsk-Url-1 = {http://dx.doi.org/10.1103/PhysRevD.94.056012}}

@article{Wang:2017vis,
	Archiveprefix = {arXiv},
	Author = {Wang, Ziyue and Zhuang, Pengfei},
	Date-Added = {2017-05-27 09:27:46 +0000},
	Date-Modified = {2017-05-27 09:27:46 +0000},
	Eprint = {1703.01035},
	Primaryclass = {hep-ph},
	Slaccitation = {%%CITATION = ARXIV:1703.01035;%%},
	Title = {{Meson Spectral Functions at Finite Temperature and Isospin Density with Functional Renormalization Group}},
	Year = {2017}}

@article{Feng:2014bpa,
	Archiveprefix = {arXiv},
	Author = {Feng, Bo and Hou, De-fu and Ren, Hai-cang},
	Date-Added = {2017-05-27 08:48:30 +0000},
	Date-Modified = {2017-05-27 08:48:30 +0000},
	Doi = {10.1103/PhysRevD.92.065011},
	Eprint = {1412.1647},
	Journal = {Phys. Rev.},
	Number = {6},
	Pages = {065011},
	Primaryclass = {cond-mat.quant-gas},
	Slaccitation = {%%CITATION = ARXIV:1412.1647;%%},
	Title = {{Magnetic and inverse magnetic catalysis in the Bose-Einstein condensation of neutral bound pairs}},
	Volume = {D92},
	Year = {2015},
	Bdsk-Url-1 = {http://dx.doi.org/10.1103/PhysRevD.92.065011}}

@article{Pawlowski:2005xe,
	Archiveprefix = {arXiv},
	Author = {Pawlowski, Jan M.},
	Date-Added = {2017-03-27 08:08:18 +0000},
	Date-Modified = {2017-03-27 08:08:18 +0000},
	Doi = {10.1016/j.aop.2007.01.007},
	Eprint = {hep-th/0512261},
	Journal = {Annals Phys.},
	Pages = {2831-2915},
	Primaryclass = {hep-th},
	Reportnumber = {HD-THEP-05-28},
	Slaccitation = {%%CITATION = HEP-TH/0512261;%%},
	Title = {{Aspects of the functional renormalisation group}},
	Volume = {322},
	Year = {2007},
	Bdsk-Url-1 = {http://dx.doi.org/10.1016/j.aop.2007.01.007}}

@article{Gies:2002hq,
	Archiveprefix = {arXiv},
	Author = {Gies, Holger and Wetterich, Christof},
	Date-Added = {2017-03-27 08:04:32 +0000},
	Date-Modified = {2017-03-27 08:04:32 +0000},
	Doi = {10.1103/PhysRevD.69.025001},
	Eprint = {hep-th/0209183},
	Journal = {Phys. Rev.},
	Pages = {025001},
	Primaryclass = {hep-th},
	Reportnumber = {CERN-TH-2002-242, HD-THEP-02-33},
	Slaccitation = {%%CITATION = HEP-TH/0209183;%%},
	Title = {{Universality of spontaneous chiral symmetry breaking in gauge theories}},
	Volume = {D69},
	Year = {2004},
	Bdsk-Url-1 = {http://dx.doi.org/10.1103/PhysRevD.69.025001}}

@article{Zhang:2016qrl,
	Archiveprefix = {arXiv},
	Author = {Zhang, Rui and Fu, Wei-jie and Liu, Yu-xin},
	Date-Added = {2017-03-27 05:37:46 +0000},
	Date-Modified = {2017-03-27 05:37:46 +0000},
	Doi = {10.1140/epjc/s10052-016-4123-8},
	Eprint = {1604.08888},
	Journal = {Eur. Phys. J.},
	Number = {6},
	Pages = {307},
	Primaryclass = {hep-ph},
	Slaccitation = {%%CITATION = ARXIV:1604.08888;%%},
	Title = {{Properties of Mesons in a Strong Magnetic Field}},
	Volume = {C76},
	Year = {2016},
	Bdsk-Url-1 = {http://dx.doi.org/10.1140/epjc/s10052-016-4123-8}}

@article{Fu:2013ica,
	Archiveprefix = {arXiv},
	Author = {Fu, Wei-jie},
	Date-Added = {2017-03-27 05:35:34 +0000},
	Date-Modified = {2017-03-27 05:35:34 +0000},
	Doi = {10.1103/PhysRevD.88.014009},
	Eprint = {1306.5804},
	Journal = {Phys. Rev.},
	Number = {1},
	Pages = {014009},
	Primaryclass = {hep-ph},
	Slaccitation = {%%CITATION = ARXIV:1306.5804;%%},
	Title = {{Fluctuations and correlations of hot QCD matter in an external magnetic field}},
	Volume = {D88},
	Year = {2013},
	Bdsk-Url-1 = {http://dx.doi.org/10.1103/PhysRevD.88.014009}}

@article{Fu:2016tey,
	Archiveprefix = {arXiv},
	Author = {Fu, Wei-jie and Pawlowski, Jan M. and Rennecke, Fabian and Schaefer, Bernd-Jochen},
	Date-Added = {2017-03-27 05:20:38 +0000},
	Date-Modified = {2017-03-27 05:20:38 +0000},
	Doi = {10.1103/PhysRevD.94.116020},
	Eprint = {1608.04302},
	Journal = {Phys. Rev.},
	Number = {11},
	Pages = {116020},
	Primaryclass = {hep-ph},
	Slaccitation = {%%CITATION = ARXIV:1608.04302;%%},
	Title = {{Baryon number fluctuations at finite temperature and density}},
	Volume = {D94},
	Year = {2016},
	Bdsk-Url-1 = {http://dx.doi.org/10.1103/PhysRevD.94.116020}}

@article{Fu:2015amv,
	Archiveprefix = {arXiv},
	Author = {Fu, Wei-jie and Pawlowski, Jan M.},
	Date-Added = {2017-03-27 02:55:28 +0000},
	Date-Modified = {2017-03-27 02:55:28 +0000},
	Doi = {10.1103/PhysRevD.93.091501},
	Eprint = {1512.08461},
	Journal = {Phys. Rev.},
	Number = {9},
	Pages = {091501},
	Primaryclass = {hep-ph},
	Slaccitation = {%%CITATION = ARXIV:1512.08461;%%},
	Title = {{Correlating the skewness and kurtosis of baryon number distributions}},
	Volume = {D93},
	Year = {2016},
	Bdsk-Url-1 = {http://dx.doi.org/10.1103/PhysRevD.93.091501}}

@article{Fu:2015naa,
	Archiveprefix = {arXiv},
	Author = {Fu, Wei-jie and Pawlowski, Jan M.},
	Date-Added = {2017-03-27 02:53:27 +0000},
	Date-Modified = {2017-03-27 02:53:27 +0000},
	Doi = {10.1103/PhysRevD.92.116006},
	Eprint = {1508.06504},
	Journal = {Phys. Rev.},
	Number = {11},
	Pages = {116006},
	Primaryclass = {hep-ph},
	Slaccitation = {%%CITATION = ARXIV:1508.06504;%%},
	Title = {{Relevance of matter and glue dynamics for baryon number fluctuations}},
	Volume = {D92},
	Year = {2015},
	Bdsk-Url-1 = {http://dx.doi.org/10.1103/PhysRevD.92.116006}}

@article{Cyrol:2016tym,
	Archiveprefix = {arXiv},
	Author = {Cyrol, Anton K. and Fister, Leonard and Mitter, Mario and Pawlowski, Jan M. and Strodthoff, Nils},
	Date-Added = {2017-03-27 02:48:14 +0000},
	Date-Modified = {2017-03-27 02:48:14 +0000},
	Doi = {10.1103/PhysRevD.94.054005},
	Eprint = {1605.01856},
	Journal = {Phys. Rev.},
	Number = {5},
	Pages = {054005},
	Primaryclass = {hep-ph},
	Slaccitation = {%%CITATION = ARXIV:1605.01856;%%},
	Title = {{Landau gauge Yang-Mills correlation functions}},
	Volume = {D94},
	Year = {2016},
	Bdsk-Url-1 = {http://dx.doi.org/10.1103/PhysRevD.94.054005}}

@article{Rennecke:2016tkm,
	Archiveprefix = {arXiv},
	Author = {Rennecke, Fabian and Schaefer, Bernd-Jochen},
	Date-Added = {2017-03-27 02:28:43 +0000},
	Date-Modified = {2017-03-27 02:28:43 +0000},
	Eprint = {1610.08748},
	Primaryclass = {hep-ph},
	Slaccitation = {%%CITATION = ARXIV:1610.08748;%%},
	Title = {{Fluctuation-induced modifications of the phase structure in (2+1)-flavor QCD}},
	Year = {2016}}

@article{Rennecke:2015eba,
	Archiveprefix = {arXiv},
	Author = {Rennecke, Fabian},
	Date-Added = {2017-03-27 02:27:22 +0000},
	Date-Modified = {2017-03-27 02:27:22 +0000},
	Doi = {10.1103/PhysRevD.92.076012},
	Eprint = {1504.03585},
	Journal = {Phys. Rev.},
	Number = {7},
	Pages = {076012},
	Primaryclass = {hep-ph},
	Slaccitation = {%%CITATION = ARXIV:1504.03585;%%},
	Title = {{Vacuum structure of vector mesons in QCD}},
	Volume = {D92},
	Year = {2015},
	Bdsk-Url-1 = {http://dx.doi.org/10.1103/PhysRevD.92.076012}}

@article{Mitter:2014wpa,
	Archiveprefix = {arXiv},
	Author = {Mitter, Mario and Pawlowski, Jan M. and Strodthoff, Nils},
	Date-Added = {2017-03-27 02:20:18 +0000},
	Date-Modified = {2017-03-27 02:20:18 +0000},
	Doi = {10.1103/PhysRevD.91.054035},
	Eprint = {1411.7978},
	Journal = {Phys. Rev.},
	Pages = {054035},
	Primaryclass = {hep-ph},
	Slaccitation = {%%CITATION = ARXIV:1411.7978;%%},
	Title = {{Chiral symmetry breaking in continuum QCD}},
	Volume = {D91},
	Year = {2015},
	Bdsk-Url-1 = {http://dx.doi.org/10.1103/PhysRevD.91.054035}}

@article{Braun:2014ata,
	Archiveprefix = {arXiv},
	Author = {Braun, Jens and Fister, Leonard and Pawlowski, Jan M. and Rennecke, Fabian},
	Date-Added = {2017-03-27 02:18:55 +0000},
	Date-Modified = {2017-03-27 02:18:55 +0000},
	Doi = {10.1103/PhysRevD.94.034016},
	Eprint = {1412.1045},
	Journal = {Phys. Rev.},
	Number = {3},
	Pages = {034016},
	Primaryclass = {hep-ph},
	Slaccitation = {%%CITATION = ARXIV:1412.1045;%%},
	Title = {{From Quarks and Gluons to Hadrons: Chiral Symmetry Breaking in Dynamical QCD}},
	Volume = {D94},
	Year = {2016},
	Bdsk-Url-1 = {http://dx.doi.org/10.1103/PhysRevD.94.034016}}

@article{Helmboldt:2014iya,
	Archiveprefix = {arXiv},
	Author = {Helmboldt, Alexander J. and Pawlowski, Jan M. and Strodthoff, Nils},
	Date-Added = {2017-03-27 02:16:34 +0000},
	Date-Modified = {2017-03-27 02:16:34 +0000},
	Doi = {10.1103/PhysRevD.91.054010},
	Eprint = {1409.8414},
	Journal = {Phys. Rev.},
	Number = {5},
	Pages = {054010},
	Primaryclass = {hep-ph},
	Slaccitation = {%%CITATION = ARXIV:1409.8414;%%},
	Title = {{Towards quantitative precision in the chiral crossover: masses and fluctuation scales}},
	Volume = {D91},
	Year = {2015},
	Bdsk-Url-1 = {http://dx.doi.org/10.1103/PhysRevD.91.054010}}

@article{Pawlowski:2014zaa,
	Archiveprefix = {arXiv},
	Author = {Pawlowski, Jan M. and Rennecke, Fabian},
	Date-Added = {2017-03-27 02:15:33 +0000},
	Date-Modified = {2017-03-27 02:15:33 +0000},
	Doi = {10.1103/PhysRevD.90.076002},
	Eprint = {1403.1179},
	Journal = {Phys. Rev.},
	Number = {7},
	Pages = {076002},
	Primaryclass = {hep-ph},
	Slaccitation = {%%CITATION = ARXIV:1403.1179;%%},
	Title = {{Higher order quark-mesonic scattering processes and the phase structure of QCD}},
	Volume = {D90},
	Year = {2014},
	Bdsk-Url-1 = {http://dx.doi.org/10.1103/PhysRevD.90.076002}}

@article{Pawlowski:2014aha,
	Author = {Pawlowski, Jan M.},
	Booktitle = {{Proceedings, 24th International Conference on Ultra-Relativistic Nucleus-Nucleus Collisions (Quark Matter 2014): Darmstadt, Germany, May 19-24, 2014}},
	Date-Added = {2017-03-27 02:06:52 +0000},
	Date-Modified = {2017-03-27 02:06:52 +0000},
	Doi = {10.1016/j.nuclphysa.2014.09.074},
	Journal = {Nucl. Phys.},
	Pages = {113-124},
	Slaccitation = {%%CITATION = NUPHA,A931,113;%%},
	Title = {{Equation of state and phase diagram of strongly interacting matter}},
	Volume = {A931},
	Year = {2014},
	Bdsk-Url-1 = {http://dx.doi.org/10.1016/j.nuclphysa.2014.09.074}}

@article{Yu:2014xoa,
	Archiveprefix = {arXiv},
	Author = {Yu, Lang and Van Doorsselaere, Jos and Huang, Mei},
	Date-Added = {2017-03-26 15:57:33 +0000},
	Date-Modified = {2017-03-26 15:57:33 +0000},
	Doi = {10.1103/PhysRevD.91.074011},
	Eprint = {1411.7552},
	Journal = {Phys. Rev.},
	Number = {7},
	Pages = {074011},
	Primaryclass = {hep-ph},
	Slaccitation = {%%CITATION = ARXIV:1411.7552;%%},
	Title = {{Inverse Magnetic Catalysis in the three-flavor NJL model with axial-vector interaction}},
	Volume = {D91},
	Year = {2015},
	Bdsk-Url-1 = {http://dx.doi.org/10.1103/PhysRevD.91.074011}}

@article{Fukushima:2010fe,
	Archiveprefix = {arXiv},
	Author = {Fukushima, Kenji and Ruggieri, Marco and Gatto, Raoul},
	Date-Added = {2017-03-26 15:50:04 +0000},
	Date-Modified = {2017-03-26 15:50:04 +0000},
	Doi = {10.1103/PhysRevD.81.114031},
	Eprint = {1003.0047},
	Journal = {Phys. Rev.},
	Pages = {114031},
	Primaryclass = {hep-ph},
	Reportnumber = {YITP-10-3},
	Slaccitation = {%%CITATION = ARXIV:1003.0047;%%},
	Title = {{Chiral magnetic effect in the PNJL model}},
	Volume = {D81},
	Year = {2010},
	Bdsk-Url-1 = {http://dx.doi.org/10.1103/PhysRevD.81.114031}}

@article{Ferrer:2014qka,
	Archiveprefix = {arXiv},
	Author = {Ferrer, E. J. and de la Incera, V. and Wen, X. J.},
	Date-Added = {2017-03-26 15:44:24 +0000},
	Date-Modified = {2017-03-26 15:44:24 +0000},
	Doi = {10.1103/PhysRevD.91.054006},
	Eprint = {1407.3503},
	Journal = {Phys. Rev.},
	Number = {5},
	Pages = {054006},
	Primaryclass = {nucl-th},
	Slaccitation = {%%CITATION = ARXIV:1407.3503;%%},
	Title = {{Quark Antiscreening at Strong Magnetic Field and Inverse Magnetic Catalysis}},
	Volume = {D91},
	Year = {2015},
	Bdsk-Url-1 = {http://dx.doi.org/10.1103/PhysRevD.91.054006}}

@article{Mueller:2014tea,
	Archiveprefix = {arXiv},
	Author = {Mueller, Niklas and Bonnet, Jacqueline A. and Fischer, Christian S.},
	Date-Added = {2017-03-26 15:39:19 +0000},
	Date-Modified = {2017-03-26 15:39:19 +0000},
	Doi = {10.1103/PhysRevD.89.094023},
	Eprint = {1401.1647},
	Journal = {Phys. Rev.},
	Number = {9},
	Pages = {094023},
	Primaryclass = {hep-ph},
	Slaccitation = {%%CITATION = ARXIV:1401.1647;%%},
	Title = {{Dynamical quark mass generation in a strong external magnetic field}},
	Volume = {D89},
	Year = {2014},
	Bdsk-Url-1 = {http://dx.doi.org/10.1103/PhysRevD.89.094023}}

@article{Fraga:2013ova,
	Archiveprefix = {arXiv},
	Author = {Fraga, E. S. and Mintz, B. W. and Schaffner-Bielich, J.},
	Date-Added = {2017-03-26 15:31:58 +0000},
	Date-Modified = {2017-03-26 15:31:58 +0000},
	Doi = {10.1016/j.physletb.2014.02.028},
	Eprint = {1311.3964},
	Journal = {Phys. Lett.},
	Pages = {154-158},
	Primaryclass = {hep-ph},
	Slaccitation = {%%CITATION = ARXIV:1311.3964;%%},
	Title = {{A search for inverse magnetic catalysis in thermal quark-meson models}},
	Volume = {B731},
	Year = {2014},
	Bdsk-Url-1 = {http://dx.doi.org/10.1016/j.physletb.2014.02.028}}

@article{Kojo:2012js,
	Archiveprefix = {arXiv},
	Author = {Kojo, Toru and Su, Nan},
	Date-Added = {2017-03-26 15:11:55 +0000},
	Date-Modified = {2017-03-26 15:11:55 +0000},
	Doi = {10.1016/j.physletb.2013.02.024},
	Eprint = {1211.7318},
	Journal = {Phys. Lett.},
	Pages = {192-197},
	Primaryclass = {hep-ph},
	Reportnumber = {BI-TP-2012-50},
	Slaccitation = {%%CITATION = ARXIV:1211.7318;%%},
	Title = {{The quark mass gap in a magnetic field}},
	Volume = {B720},
	Year = {2013},
	Bdsk-Url-1 = {http://dx.doi.org/10.1016/j.physletb.2013.02.024}}

@article{Fukushima:2012kc,
	Archiveprefix = {arXiv},
	Author = {Fukushima, Kenji and Hidaka, Yoshimasa},
	Date-Added = {2017-03-26 14:46:40 +0000},
	Date-Modified = {2017-03-26 14:46:40 +0000},
	Doi = {10.1103/PhysRevLett.110.031601},
	Eprint = {1209.1319},
	Journal = {Phys. Rev. Lett.},
	Number = {3},
	Pages = {031601},
	Primaryclass = {hep-ph},
	Slaccitation = {%%CITATION = ARXIV:1209.1319;%%},
	Title = {{Magnetic Catalysis Versus Magnetic Inhibition}},
	Volume = {110},
	Year = {2013},
	Bdsk-Url-1 = {http://dx.doi.org/10.1103/PhysRevLett.110.031601}}

@article{Braun:2014fua,
	Archiveprefix = {arXiv},
	Author = {Braun, Jens and Mian, Walid Ahmed and Rechenberger, Stefan},
	Date-Added = {2017-03-26 14:09:05 +0000},
	Date-Modified = {2017-03-26 14:09:05 +0000},
	Doi = {10.1016/j.physletb.2016.02.017},
	Eprint = {1412.6025},
	Journal = {Phys. Lett.},
	Pages = {265-269},
	Primaryclass = {hep-ph},
	Slaccitation = {%%CITATION = ARXIV:1412.6025;%%},
	Title = {{Delayed Magnetic Catalysis}},
	Volume = {B755},
	Year = {2016},
	Bdsk-Url-1 = {http://dx.doi.org/10.1016/j.physletb.2016.02.017}}

@article{Mueller:2015fka,
	Archiveprefix = {arXiv},
	Author = {Mueller, Niklas and Pawlowski, Jan M.},
	Date-Added = {2017-03-26 06:52:44 +0000},
	Date-Modified = {2017-03-26 06:52:44 +0000},
	Doi = {10.1103/PhysRevD.91.116010},
	Eprint = {1502.08011},
	Journal = {Phys. Rev.},
	Number = {11},
	Pages = {116010},
	Primaryclass = {hep-ph},
	Slaccitation = {%%CITATION = ARXIV:1502.08011;%%},
	Title = {{Magnetic catalysis and inverse magnetic catalysis in QCD}},
	Volume = {D91},
	Year = {2015},
	Bdsk-Url-1 = {http://dx.doi.org/10.1103/PhysRevD.91.116010}}

@article{Bruckmann:2013oba,
	Archiveprefix = {arXiv},
	Author = {Bruckmann, Falk and Endrodi, Gergely and Kovacs, Tamas G.},
	Date-Added = {2017-03-25 15:20:11 +0000},
	Date-Modified = {2017-03-25 15:20:11 +0000},
	Doi = {10.1007/JHEP04(2013)112},
	Eprint = {1303.3972},
	Journal = {JHEP},
	Pages = {112},
	Primaryclass = {hep-lat},
	Slaccitation = {%%CITATION = ARXIV:1303.3972;%%},
	Title = {{Inverse magnetic catalysis and the Polyakov loop}},
	Volume = {04},
	Year = {2013},
	Bdsk-Url-1 = {http://dx.doi.org/10.1007/JHEP04(2013)112}}

@article{Bali:2012zg,
	Archiveprefix = {arXiv},
	Author = {Bali, G. S. and Bruckmann, F. and Endrodi, G. and Fodor, Z. and Katz, S. D. and Schafer, A.},
	Date-Added = {2017-03-25 08:20:53 +0000},
	Date-Modified = {2017-03-25 08:20:53 +0000},
	Doi = {10.1103/PhysRevD.86.071502},
	Eprint = {1206.4205},
	Journal = {Phys. Rev.},
	Pages = {071502},
	Primaryclass = {hep-lat},
	Slaccitation = {%%CITATION = ARXIV:1206.4205;%%},
	Title = {{QCD quark condensate in external magnetic fields}},
	Volume = {D86},
	Year = {2012},
	Bdsk-Url-1 = {http://dx.doi.org/10.1103/PhysRevD.86.071502}}

@article{Bali:2011qj,
	Archiveprefix = {arXiv},
	Author = {Bali, G. S. and Bruckmann, F. and Endrodi, G. and Fodor, Z. and Katz, S. D. and Krieg, S. and Schafer, A. and Szabo, K. K.},
	Date-Added = {2017-03-25 08:17:48 +0000},
	Date-Modified = {2017-03-25 08:17:48 +0000},
	Doi = {10.1007/JHEP02(2012)044},
	Eprint = {1111.4956},
	Journal = {JHEP},
	Pages = {044},
	Primaryclass = {hep-lat},
	Slaccitation = {%%CITATION = ARXIV:1111.4956;%%},
	Title = {{The QCD phase diagram for external magnetic fields}},
	Volume = {02},
	Year = {2012},
	Bdsk-Url-1 = {http://dx.doi.org/10.1007/JHEP02(2012)044}}

@article{Khachatryan:2016got,
	Archiveprefix = {arXiv},
	Author = {Khachatryan, Vardan and others},
	Collaboration = {CMS},
	Date-Added = {2017-03-25 05:26:22 +0000},
	Date-Modified = {2017-03-25 07:04:30 +0000},
	Eprint = {1610.00263},
	Journal = {Phys. Rev. Lett.},
	Pages = {122301},
	Primaryclass = {nucl-ex},
	Reportnumber = {CMS-HIN-16-009, CERN-EP-2016-236},
	Slaccitation = {%%CITATION = ARXIV:1610.00263;%%},
	Title = {{Observation of charge-dependent azimuthal correlations in pPb collisions and its implication for the search for the chiral magnetic effect}},
	Volume = {118},
	Year = {2017}}

@article{Huang:2015oca,
	Archiveprefix = {arXiv},
	Author = {Huang, Xu-Guang},
	Date-Added = {2017-03-24 15:30:24 +0000},
	Date-Modified = {2017-03-24 15:30:24 +0000},
	Doi = {10.1088/0034-4885/79/7/076302},
	Eprint = {1509.04073},
	Journal = {Rept. Prog. Phys.},
	Number = {7},
	Pages = {076302},
	Primaryclass = {nucl-th},
	Slaccitation = {%%CITATION = ARXIV:1509.04073;%%},
	Title = {{Electromagnetic fields and anomalous transports in heavy-ion collisions --- A pedagogical review}},
	Volume = {79},
	Year = {2016},
	Bdsk-Url-1 = {http://dx.doi.org/10.1088/0034-4885/79/7/076302}}

@article{Fukushima:2008xe,
	Archiveprefix = {arXiv},
	Author = {Fukushima, Kenji and Kharzeev, Dmitri E. and Warringa, Harmen J.},
	Date-Added = {2017-03-24 15:03:19 +0000},
	Date-Modified = {2017-03-24 15:03:19 +0000},
	Doi = {10.1103/PhysRevD.78.074033},
	Eprint = {0808.3382},
	Journal = {Phys. Rev.},
	Pages = {074033},
	Primaryclass = {hep-ph},
	Slaccitation = {%%CITATION = ARXIV:0808.3382;%%},
	Title = {{The Chiral Magnetic Effect}},
	Volume = {D78},
	Year = {2008},
	Bdsk-Url-1 = {http://dx.doi.org/10.1103/PhysRevD.78.074033}}

@article{Kharzeev:2007jp,
	Archiveprefix = {arXiv},
	Author = {Kharzeev, Dmitri E. and McLerran, Larry D. and Warringa, Harmen J.},
	Date-Added = {2017-03-24 02:45:26 +0000},
	Date-Modified = {2017-03-24 02:45:26 +0000},
	Doi = {10.1016/j.nuclphysa.2008.02.298},
	Eprint = {0711.0950},
	Journal = {Nucl. Phys.},
	Pages = {227-253},
	Primaryclass = {hep-ph},
	Slaccitation = {%%CITATION = ARXIV:0711.0950;%%},
	Title = {{The Effects of topological charge change in heavy ion collisions: 'Event by event P and CP violation'}},
	Volume = {A803},
	Year = {2008},
	Bdsk-Url-1 = {http://dx.doi.org/10.1016/j.nuclphysa.2008.02.298}}

@article{Kharzeev:2004ey,
	Archiveprefix = {arXiv},
	Author = {Kharzeev, Dmitri},
	Date-Added = {2017-03-24 02:33:06 +0000},
	Date-Modified = {2017-03-24 02:33:06 +0000},
	Doi = {10.1016/j.physletb.2005.11.075},
	Eprint = {hep-ph/0406125},
	Journal = {Phys. Lett.},
	Pages = {260-264},
	Primaryclass = {hep-ph},
	Reportnumber = {BNL-NT-04-21},
	Slaccitation = {%%CITATION = HEP-PH/0406125;%%},
	Title = {{Parity violation in hot QCD: Why it can happen, and how to look for it}},
	Volume = {B633},
	Year = {2006},
	Bdsk-Url-1 = {http://dx.doi.org/10.1016/j.physletb.2005.11.075}}

@article{Wetterich:1992yh,
	Author = {Wetterich, Christof},
	Date-Added = {2017-03-24 00:47:30 +0000},
	Date-Modified = {2017-03-24 00:47:30 +0000},
	Doi = {10.1016/0370-2693(93)90726-X},
	Journal = {Phys. Lett.},
	Pages = {90-94},
	Reportnumber = {HD-THEP-92-61},
	Slaccitation = {%%CITATION = PHLTA,B301,90;%%},
	Title = {{Exact evolution equation for the effective potential}},
	Volume = {B301},
	Year = {1993},
	Bdsk-Url-1 = {http://dx.doi.org/10.1016/0370-2693(93)90726-X}}

@article{Gies:2001nw,
	Archiveprefix = {arXiv},
	Author = {Gies, Holger and Wetterich, Christof},
	Date-Added = {2017-03-24 00:46:31 +0000},
	Date-Modified = {2017-03-24 00:46:31 +0000},
	Doi = {10.1103/PhysRevD.65.065001},
	Eprint = {hep-th/0107221},
	Journal = {Phys. Rev.},
	Pages = {065001},
	Primaryclass = {hep-th},
	Reportnumber = {CERN-TH-2001-196, HD-THEP-01-31},
	Slaccitation = {%%CITATION = HEP-TH/0107221;%%},
	Title = {{Renormalization flow of bound states}},
	Volume = {D65},
	Year = {2002},
	Bdsk-Url-1 = {http://dx.doi.org/10.1103/PhysRevD.65.065001}}

@article{Braun:2011pp,
	Archiveprefix = {arXiv},
	Author = {Braun, Jens},
	Date-Added = {2017-03-24 00:43:26 +0000},
	Date-Modified = {2017-03-24 00:43:26 +0000},
	Doi = {10.1088/0954-3899/39/3/033001},
	Eprint = {1108.4449},
	Journal = {J. Phys.},
	Pages = {033001},
	Primaryclass = {hep-ph},
	Slaccitation = {%%CITATION = ARXIV:1108.4449;%%},
	Title = {{Fermion Interactions and Universal Behavior in Strongly Interacting Theories}},
	Volume = {G39},
	Year = {2012},
	Bdsk-Url-1 = {http://dx.doi.org/10.1088/0954-3899/39/3/033001}}

@article{Adamczyk:2014mzf,
	Archiveprefix = {arXiv},
	Author = {Adamczyk, L. and others},
	Collaboration = {STAR},
	Date-Added = {2017-03-24 00:42:38 +0000},
	Date-Modified = {2017-03-24 00:42:38 +0000},
	Doi = {10.1103/PhysRevLett.113.052302},
	Eprint = {1404.1433},
	Journal = {Phys. Rev. Lett.},
	Pages = {052302},
	Primaryclass = {nucl-ex},
	Slaccitation = {%%CITATION = ARXIV:1404.1433;%%},
	Title = {{Beam-energy dependence of charge separation along the magnetic field in Au+Au collisions at RHIC}},
	Volume = {113},
	Year = {2014},
	Bdsk-Url-1 = {http://dx.doi.org/10.1103/PhysRevLett.113.052302}}

@article{Adamczyk:2013hsi,
	Archiveprefix = {arXiv},
	Author = {Adamczyk, L. and others},
	Collaboration = {STAR},
	Date-Added = {2017-03-24 00:41:52 +0000},
	Date-Modified = {2017-03-24 00:41:52 +0000},
	Doi = {10.1103/PhysRevC.88.064911},
	Eprint = {1302.3802},
	Journal = {Phys. Rev.},
	Number = {6},
	Pages = {064911},
	Primaryclass = {nucl-ex},
	Slaccitation = {%%CITATION = ARXIV:1302.3802;%%},
	Title = {{Fluctuations of charge separation perpendicular to the event plane and local parity violation in $\sqrt{s_{NN}}=200$ GeV Au+Au collisions at the BNL Relativistic Heavy Ion Collider}},
	Volume = {C88},
	Year = {2013},
	Bdsk-Url-1 = {http://dx.doi.org/10.1103/PhysRevC.88.064911}}

@article{Abelev:2012pa,
	Archiveprefix = {arXiv},
	Author = {Abelev, Betty and others},
	Collaboration = {ALICE},
	Date-Added = {2017-03-24 00:40:57 +0000},
	Date-Modified = {2017-03-24 00:40:57 +0000},
	Doi = {10.1103/PhysRevLett.110.012301},
	Eprint = {1207.0900},
	Journal = {Phys. Rev. Lett.},
	Number = {1},
	Pages = {012301},
	Primaryclass = {nucl-ex},
	Reportnumber = {CERN-PH-EP-2012-183},
	Slaccitation = {%%CITATION = ARXIV:1207.0900;%%},
	Title = {{Charge separation relative to the reaction plane in Pb-Pb collisions at $\sqrt{s_{NN}}= 2.76$ TeV}},
	Volume = {110},
	Year = {2013},
	Bdsk-Url-1 = {http://dx.doi.org/10.1103/PhysRevLett.110.012301}}

@article{Abelev:2009ad,
	Archiveprefix = {arXiv},
	Author = {Abelev, B. I. and others},
	Collaboration = {STAR},
	Date-Added = {2017-03-24 00:40:13 +0000},
	Date-Modified = {2017-03-24 00:40:13 +0000},
	Doi = {10.1103/PhysRevC.81.054908},
	Eprint = {0909.1717},
	Journal = {Phys. Rev.},
	Pages = {054908},
	Primaryclass = {nucl-ex},
	Slaccitation = {%%CITATION = ARXIV:0909.1717;%%},
	Title = {{Observation of charge-dependent azimuthal correlations and possible local strong parity violation in heavy ion collisions}},
	Volume = {C81},
	Year = {2010},
	Bdsk-Url-1 = {http://dx.doi.org/10.1103/PhysRevC.81.054908}}

@article{Abelev:2009ac,
	Archiveprefix = {arXiv},
	Author = {Abelev, B. I. and others},
	Collaboration = {STAR},
	Date-Added = {2017-03-24 00:38:38 +0000},
	Date-Modified = {2017-03-24 00:38:38 +0000},
	Doi = {10.1103/PhysRevLett.103.251601},
	Eprint = {0909.1739},
	Journal = {Phys. Rev. Lett.},
	Pages = {251601},
	Primaryclass = {nucl-ex},
	Slaccitation = {%%CITATION = ARXIV:0909.1739;%%},
	Title = {{Azimuthal Charged-Particle Correlations and Possible Local Strong Parity Violation}},
	Volume = {103},
	Year = {2009},
	Bdsk-Url-1 = {http://dx.doi.org/10.1103/PhysRevLett.103.251601}}

@article{Fukushima:2012xw,
	Archiveprefix = {arXiv},
	Author = {Fukushima, Kenji and Pawlowski, Jan M.},
	Date-Added = {2017-03-23 09:12:28 +0000},
	Date-Modified = {2017-03-23 09:12:28 +0000},
	Doi = {10.1103/PhysRevD.86.076013},
	Eprint = {1203.4330},
	Journal = {Phys. Rev.},
	Pages = {076013},
	Primaryclass = {hep-ph},
	Slaccitation = {%%CITATION = ARXIV:1203.4330;%%},
	Title = {{Magnetic catalysis in hot and dense quark matter and quantum fluctuations}},
	Volume = {D86},
	Year = {2012},
	Bdsk-Url-1 = {http://dx.doi.org/10.1103/PhysRevD.86.076013}}
